<?xml version="1.0" encoding="UTF-8"?><collection xmlns="http://www.loc.gov/MARC21/slim"><record><leader>00519nam--2200193-u-4500</leader><controlfield tag="001">000053442</controlfield><controlfield tag="002">20161230</controlfield><controlfield tag="005">20161230201051</controlfield><controlfield tag="008">110405s1000------------r-----000-0-eng-d</controlfield><datafield ind1=" " ind2=" " tag="020"><subfield code="a">1860940889</subfield></datafield><datafield ind1=" " ind2=" " tag="040"><subfield code="a">IFIN-HH</subfield></datafield><datafield ind1=" " ind2=" " tag="080"><subfield code="a">504.062.4:621.039[526:6]</subfield></datafield><datafield ind1="1" ind2=" " tag="100"><subfield code="a">Hodgson, Peter E</subfield></datafield><datafield ind1="1" ind2="0" tag="245"><subfield code="a">Nuclear power, energy and the environment</subfield><subfield code="c">Peter e. hodgson</subfield></datafield><datafield ind1=" " ind2=" " tag="260"><subfield code="a">London</subfield><subfield code="b">Imperial College Press</subfield><subfield code="c">1999</subfield></datafield><datafield ind1=" " ind2=" " tag="300"><subfield code="a">205P</subfield></datafield><datafield ind1=" " ind2="4" tag="650"><subfield code="a">Environment</subfield></datafield><datafield ind1=" " ind2=" " tag="852"><subfield code="a">81510</subfield><subfield code="c">614.8</subfield></datafield><datafield ind1=" " ind2=" " tag="CAT"><subfield code="a">Sys</subfield><subfield code="c">20110405</subfield><subfield code="h">105240</subfield></datafield></record></collection>